@inbook{miranda_castillo_miranda_conejeros_2022, place={Cambridge}, 
  title={Trust in Political Institutions and Support for Authoritarianism: Latin American Students – Does Civic Knowledge Make a Difference?}, 
  DOI={10.1017/9781108774871.011}, booktitle={Psychology of Democracy: Of the People, By the People, For the People}, 
  publisher={Cambridge University Press}, 
  author={Miranda, Daniel and Castillo, Juan Carlos and Miranda, Catalina and Conejeros, José Daniel}, 
  editor={Weinberg, AshleyEditor}, 
  year={2022}, 
  pages={173–194}
  }
  
@inbook{barozet_macclure_conejeros_jordana, place={Chile}, 
  title={Debe ser un niño que tiene rabia, que tiene como un dolor con la sociedad}, 
  DOI={10.1017/9781108774871.011}, booktitle={Saltar el torniquete: Reflexiones desde las juventudes de octubre}, 
  publisher={Fondo de Cultura Econ{\'o}mica}, 
  author={Barozet, Emmanuelle and Mac-Clure, Oscar and Conejeros, José and Jordana, Claudia},
  editor={Alé, Sol and Duarte, Klaudio and Miranda, DanielEditor}, 
  year={2021}, 
  pages={133-140}
  }