@article{mac2022juicios,
  title={Juicios de la gente corriente acerca del gobierno de Allende Resultados de una encuesta panel aplicada en 1972 y 1973},
  author={Mac-Clure, Oscar and Lamadrid, Silvia and Conejeros, Jos{\'e} Daniel},
  journal={Tempo Social},
  volume={33},
  pages={167--200},
  year={2022},
  publisher={SciELO Brasil}
}

@techreport{holme2021alea,
  title={ALEA: a Norm-Referenced Protocol for the Clinical Analysis of Spontaneous Speech in Spanish},
  author={Holme, Caitlin and Mart{\'\i}nez-Ferreiro, Silvia and Sandoval-Le{\'o}n, Karina and Cort{\'e}s-Rivera, B{\'a}rbara and M{\'e}ndez-Orellana, Paula and Conejeros, Jos{\'e} and M{\'e}ndez-Orellana, Carolina},
  year={2021},
  institution={EasyChair}
}
