@unpublished{unpublishedkeyA,
  title={Increased Antibiotic Consumption During the COVID-19 Pandemic Associated with Emergence of Specific Lineages of Carbapenemase-Producing Klebsiella pneumoniae in Chile: A Time Series Study and Phylogenomic Analysis.},
  author={Allel, Kasim and Peters, Anne and Conejeros, Jos{\'e} and Mart{\'i}nez, Jos√© and Spencer-Sandino, Maria and Riquelme-Neira, Roberto and Rivas, Lina and Rojas, Pamela and Garc{\'i}a, Patricia and Araos, Rafael and McGovern, Olivia and Patel, Twisha and Arias, Cesar and Lessa, Fernanda and Undurraga, Eduardo and Munita, Jos{\'e}},
  year    = {2023},
  note    = {unpublished},
  language = {en}
}


@unpublished{unpublishedkeyB,
  title={Emerging Food Safety Threat: Global Emergence of multidrug-resistant Salmonella enterica subsp. enterica Serovar Infantis.},
  author={Alvarez, Diana and Barr{\'o}n, Roc{\'i}o and Conejeros, Jos{\'e} and Rivera D{\'a}cil and Undurraga, Eduardo A. and Moreno-Switt, Andrea},
  year    = {2023},
  note    = {unpublished},
  language = {en}
}
